<record><leader>00000cas a2200000 a 4500</leader><controlfield tag="001">9680623</controlfield><controlfield tag="008">830708d17951796maucr ne      0    0eng c</controlfield><datafield ind1=" " ind2=" " tag="010"><subfield code="a">sn 83020982 </subfield></datafield><datafield ind1=" " ind2=" " tag="040"><subfield code="a">NPX</subfield><subfield code="b">eng</subfield><subfield code="c">NPX</subfield><subfield code="d">NPA</subfield><subfield code="d">DLC</subfield><subfield code="d">NJW</subfield><subfield code="d">MGN</subfield><subfield code="d">NVH</subfield><subfield code="d">KNP</subfield><subfield code="d">MGN</subfield><subfield code="d">HUL</subfield><subfield code="d">NVK</subfield><subfield code="d">OCL</subfield><subfield code="d">CVF</subfield><subfield code="d">NYS</subfield><subfield code="d">OCLCG</subfield><subfield code="d">KRTAS</subfield><subfield code="d">OCLCQ</subfield><subfield code="d">OCLCF</subfield><subfield code="d">OCLCO</subfield><subfield code="d">NDD</subfield><subfield code="d">OCLCO</subfield></datafield><datafield ind1=" " ind2=" " tag="042"><subfield code="a">pcc</subfield></datafield><datafield ind1=" " ind2=" " tag="043"><subfield code="a">n-us-ma</subfield></datafield><datafield ind1="0" ind2="0" tag="050"><subfield code="a">Newspaper</subfield></datafield><datafield ind1="0" ind2="4" tag="245"><subfield code="a">The Courier, Boston evening gazette and universal advertiser.</subfield></datafield><datafield ind1="1" ind2=" " tag="246"><subfield code="i">Issues for Dec. 19, 1795-Mar. 5, 1796 published as:</subfield><subfield code="a">Courier, Boston evening gazette, and general advertiser</subfield></datafield><datafield ind1="1" ind2="7" tag="246"><subfield code="a">Courier &amp;c</subfield></datafield><datafield ind1=" " ind2=" " tag="260"><subfield code="a">Boston, Mass. :</subfield><subfield code="b">Sweetser &amp; Burdick,</subfield><subfield code="c">1795-1796.</subfield></datafield><datafield ind1=" " ind2=" " tag="300"><subfield code="a">v.</subfield></datafield><datafield ind1=" " ind2=" " tag="310"><subfield code="a">Semiweekly</subfield></datafield><datafield ind1="0" ind2=" " tag="362"><subfield code="a">Vol. 1, no. 33 (Oct. 21, 1795)-v. 2, no. 20 (Mar. 5, 1796).</subfield></datafield><datafield ind1=" " ind2=" " tag="530"><subfield code="a">Also issued in microform from Readex Microprint Corp.</subfield></datafield><datafield ind1=" " ind2="0" tag="651"><subfield code="a">Boston (Mass.)</subfield><subfield code="v">Newspapers.</subfield></datafield><datafield ind1=" " ind2="0" tag="651"><subfield code="a">Suffolk County (Mass.)</subfield><subfield code="v">Newspapers.</subfield></datafield><datafield ind1=" " ind2="7" tag="651"><subfield code="a">Massachusetts</subfield><subfield code="z">Boston.</subfield><subfield code="2">fast</subfield><subfield code="0">(OCoLC)fst01205012</subfield></datafield><datafield ind1=" " ind2="7" tag="651"><subfield code="a">Massachusetts</subfield><subfield code="z">Suffolk County.</subfield><subfield code="2">fast</subfield><subfield code="0">(OCoLC)fst01206189</subfield></datafield><datafield ind1=" " ind2="7" tag="655"><subfield code="a">Newspapers.</subfield><subfield code="2">fast</subfield><subfield code="0">(OCoLC)fst01423814</subfield></datafield><datafield ind1="1" ind2=" " tag="700"><subfield code="a">Burdick, William,</subfield><subfield code="d">1774-1817.</subfield></datafield><datafield ind1="1" ind2=" " tag="700"><subfield code="a">Sweetser, Benjamin,</subfield><subfield code="d">1772-1837.</subfield></datafield><datafield ind1=" " ind2=" " tag="752"><subfield code="a">United States</subfield><subfield code="b">Massachusetts</subfield><subfield code="c">Suffolk</subfield><subfield code="d">Boston.</subfield></datafield><datafield ind1="0" ind2="8" tag="776"><subfield code="i">Microfilm version:</subfield><subfield code="t">Courier, Boston evening gazette and universal advertiser</subfield><subfield code="w">(OCoLC)11639561</subfield></datafield><datafield ind1="0" ind2="8" tag="776"><subfield code="i">Online version</subfield><subfield code="t">Courier (Boston, Mass. : Online)</subfield><subfield code="w">(OCoLC)122258868</subfield></datafield><datafield ind1="0" ind2="0" tag="780"><subfield code="t">Courier (Boston, Mass.)</subfield><subfield code="w">(DLC)sn 83020981</subfield><subfield code="w">(OCoLC)9680484</subfield></datafield><datafield ind1=" " ind2=" " tag="850"><subfield code="a">MH</subfield></datafield><datafield ind1=" " ind2=" " tag="938"><subfield code="a">Kirtas Technologies, Inc.</subfield><subfield code="b">KRTS</subfield><subfield code="n">737043</subfield></datafield></record>